<record><leader>00000cas a2200000 a 4500</leader><controlfield tag="001">12257643</controlfield><controlfield tag="008">850712d19051908ksudr ne      0    0eng d</controlfield><datafield ind1=" " ind2=" " tag="010"><subfield code="a">sn 85030691 </subfield></datafield><datafield ind1=" " ind2=" " tag="040"><subfield code="a">KSH</subfield><subfield code="b">eng</subfield><subfield code="c">KSH</subfield><subfield code="d">NPT</subfield><subfield code="d">OCL</subfield><subfield code="d">OCLCQ</subfield></datafield><datafield ind1=" " ind2=" " tag="042"><subfield code="a">msc</subfield></datafield><datafield ind1="0" ind2=" " tag="130"><subfield code="a">Daily independent (Hutchinson, Kan.)</subfield></datafield><datafield ind1="1" ind2="4" tag="245"><subfield code="a">The daily independent.</subfield></datafield><datafield ind1=" " ind2=" " tag="260"><subfield code="a">Hutchinson, Kan. :</subfield><subfield code="b">Bee Pub. Co.,</subfield><subfield code="c">1905-1908.</subfield></datafield><datafield ind1=" " ind2=" " tag="300"><subfield code="a">4 v. :</subfield><subfield code="b">ill. ;</subfield><subfield code="c">58 cm.</subfield></datafield><datafield ind1=" " ind2=" " tag="310"><subfield code="a">Daily (except Sunday)</subfield></datafield><datafield ind1="0" ind2=" " tag="362"><subfield code="a">Vol. 4, no. 97 (July 11, 1905)-v. 7, no. 54 (May 30, 1908).</subfield></datafield><datafield ind1=" " ind2=" " tag="500"><subfield code="a">Published by Independent Co., July 18-Oct. 24, 1905.</subfield></datafield><datafield ind1=" " ind2=" " tag="580"><subfield code="a">Issued also in weekly edition called: Independent (Hutchinson, Kan. : 1902).</subfield></datafield><datafield ind1=" " ind2=" " tag="752"><subfield code="a">United States</subfield><subfield code="b">Kansas</subfield><subfield code="c">Reno</subfield><subfield code="d">Hutchinson.</subfield></datafield><datafield ind1="1" ind2=" " tag="775"><subfield code="t">Independent (Hutchinson, Kan. : 1902)</subfield><subfield code="w">(DLC)sn 85030717</subfield></datafield><datafield ind1="0" ind2="7" tag="780"><subfield code="t">Daily bee (Hutchinson, Kan.)</subfield><subfield code="w">(DLC)sn 85030690</subfield></datafield><datafield ind1="0" ind2="7" tag="785"><subfield code="t">Independent (Hutchinson, Kan. : 1902)</subfield><subfield code="w">(DLC)sn 85030717</subfield></datafield><datafield ind1="0" ind2="7" tag="785"><subfield code="t">Hutchinson gazette (Hutchinson, Kan. : 1908)</subfield><subfield code="w">(DLC)sn 85030692</subfield></datafield></record>